<record><leader>00000cas a22000007a 4500</leader><controlfield tag="001">9696072</controlfield><controlfield tag="008">830712d18571938mouwr ne      0    0ger d</controlfield><controlfield tag="009">540</controlfield><datafield ind1=" " ind2=" " tag="010"><subfield code="a">sn 83457811 </subfield></datafield><datafield ind1=" " ind2=" " tag="040"><subfield code="a">CRL</subfield><subfield code="b">eng</subfield><subfield code="c">CRL</subfield><subfield code="d">NPW</subfield><subfield code="d">NPU</subfield><subfield code="d">NPT</subfield><subfield code="d">NPX</subfield><subfield code="d">MQN</subfield><subfield code="d">YOX</subfield><subfield code="d">NVF</subfield><subfield code="d">OCL</subfield><subfield code="d">KRTAS</subfield><subfield code="d">CRL</subfield><subfield code="d">OCLCF</subfield><subfield code="d">OCLCA</subfield></datafield><datafield ind1="1" ind2=" " tag="029"><subfield code="a">AU@</subfield><subfield code="b">000020227779</subfield></datafield><datafield ind1=" " ind2=" " tag="042"><subfield code="a">msc</subfield></datafield><datafield ind1=" " ind2="4" tag="082"><subfield code="a">073</subfield></datafield><datafield ind1="0" ind2=" " tag="130"><subfield code="a">Westliche Post (Saint Louis, Mo. : Weekly)</subfield></datafield><datafield ind1="0" ind2="0" tag="245"><subfield code="a">Westliche Post.</subfield></datafield><datafield ind1=" " ind2=" " tag="250"><subfield code="a">Wo&#776;chentliche Ausg.</subfield></datafield><datafield ind1=" " ind2=" " tag="260"><subfield code="a">St. Louis, Mo. :</subfield><subfield code="b">C. Daenzer and F. Wenzel,</subfield><subfield code="c">1857-</subfield></datafield><datafield ind1=" " ind2=" " tag="300"><subfield code="a">v. :</subfield><subfield code="b">ill. ;</subfield><subfield code="c">80 cm.</subfield></datafield><datafield ind1=" " ind2=" " tag="310"><subfield code="a">Weekly</subfield></datafield><datafield ind1="0" ind2=" " tag="362"><subfield code="a">Jahrg. 1, Nr. 1 (27. Sept. 1857)-</subfield></datafield><datafield ind1="1" ind2=" " tag="362"><subfield code="a">Ceased June 26, 1938?</subfield></datafield><datafield ind1=" " ind2=" " tag="546"><subfield code="a">In German.</subfield></datafield><datafield ind1=" " ind2=" " tag="580"><subfield code="a">Sunday ed.: Mississippi Bla&#776;tter, 1857-1932.</subfield></datafield><datafield ind1=" " ind2=" " tag="580"><subfield code="a">English ed.: St. Louis times (Saint Louis, Mo. : 1907), 1907-1932.</subfield></datafield><datafield ind1=" " ind2="0" tag="650"><subfield code="a">Germans</subfield><subfield code="z">Missouri</subfield><subfield code="v">Newspapers.</subfield></datafield><datafield ind1=" " ind2="0" tag="650"><subfield code="a">German Americans</subfield><subfield code="v">Newspapers.</subfield></datafield><datafield ind1=" " ind2="0" tag="651"><subfield code="a">Saint Louis (Mo.)</subfield><subfield code="v">Newspapers.</subfield></datafield><datafield ind1=" " ind2="7" tag="655"><subfield code="a">Newspapers.</subfield><subfield code="2">fast</subfield><subfield code="0">(OCoLC)fst01423814</subfield></datafield><datafield ind1=" " ind2="7" tag="650"><subfield code="a">German Americans.</subfield><subfield code="2">fast</subfield><subfield code="0">(OCoLC)fst00941308</subfield></datafield><datafield ind1=" " ind2="7" tag="650"><subfield code="a">Germans.</subfield><subfield code="2">fast</subfield><subfield code="0">(OCoLC)fst00942100</subfield></datafield><datafield ind1=" " ind2="7" tag="651"><subfield code="a">Missouri.</subfield><subfield code="2">fast</subfield><subfield code="0">(OCoLC)fst01204724</subfield></datafield><datafield ind1=" " ind2="7" tag="651"><subfield code="a">Missouri</subfield><subfield code="z">Saint Louis.</subfield><subfield code="2">fast</subfield><subfield code="0">(OCoLC)fst01204930</subfield></datafield><datafield ind1=" " ind2=" " tag="752"><subfield code="a">United States</subfield><subfield code="b">Missouri</subfield><subfield code="d">Saint Louis.</subfield></datafield><datafield ind1="0" ind2=" " tag="775"><subfield code="t">Mississippi Bla&#776;tter</subfield><subfield code="w">(DLC)sn 83045794</subfield><subfield code="w">(OCoLC)9642232</subfield></datafield><datafield ind1="0" ind2=" " tag="775"><subfield code="t">Westliche Post (Saint Louis, Mo. : Semiweekly)</subfield></datafield><datafield ind1="0" ind2=" " tag="775"><subfield code="t">Westliche Post (Saint Louis, Mo. : Daily)</subfield><subfield code="w">(DLC)sn 85034253</subfield><subfield code="w">(OCoLC)12593760</subfield></datafield><datafield ind1="0" ind2=" " tag="775"><subfield code="t">St. Louis times (Saint Louis, Mo. : 1907)</subfield><subfield code="w">(DLC)sn 86063715</subfield><subfield code="w">(OCoLC)13723260</subfield></datafield><datafield ind1=" " ind2=" " tag="938"><subfield code="a">Kirtas Technologies, Inc.</subfield><subfield code="b">KRTS</subfield><subfield code="n">737065</subfield></datafield></record>